@article{einstein1918,
  title = {\"Uber {{Gravitationswellen}}},
  author = {Einstein, Albert},
  year = {1918},
  abstract = {Not Available},
  file = {/Users/gerdgrasshoff/Zotero/storage/8BGUPLXP/Einstein - 1918 - Ãœber Gravitationswellen.pdf},
  journal = {Sitzungsberichte der K\"oniglich Preu\ss ischen Akademie der Wissenschaften (Berlin), Seite 154-167.}
}
