% Encoding: UTF-8

@Book{Sahagun2012,
  title =     {Florentine Codex: General History of the Things of New Spain: Book 11 - Earthly Things},
  publisher = {The School of American Research},
  year =      {2012},
  author =    {Sahagún, Bernardino de},
  address =   {Salt Lake City},
  note =      {Translated by Charles E. Dibble and Arthur J. O. Anderson}
}

@InCollection{Sahagun2014,
  author =    {Sahagún, Bernardino de},
  title =     {The Florentine Codex. Book II: The Ceremonies},
  booktitle = {General History of the Things of New Spain},
  publisher = {World Digital Library},
  year =      {2014},
  pages =     {200ff},
  month =     {June}
}
