@incollection{FrancesBryanWin2019D,
	author 	= 	{Frances, Bryan and Matheson, Jonathan},
	year		= 	{2019},
	title		= 	{Disagreement},
	editor	= 	{Zalta, Edward N.},
	booktitle	= 	{The Stanford Encyclopedia of Philosophy},
	edition	=	{Winter 2019},
	url 		=	{https://plato.stanford.edu/archives/win2019/entries/disagreement/},
}

@online{WHO,
      editor     =     {World Health Organization (WHO)},
      title        =     {Global research on coronavirus disease (COVID-19)},
      url         =     {https://www.who.int/emergencies/diseases/novel-coronavirus-2019/global-research-on-novel-coronavirus-2019-ncov/},
}

@online{Dimensions,
      title        =     {Dimensions},
      url         =     {https://app.dimensions.ai/discover/publication},
}

@online{Licciardi2020,
      url        =       {https://app.dimensions.ai/details/publication/pub.1126880632},
}

@online{Ingraham2020,
      url        =       {https://app.dimensions.ai/details/publication/pub.1127125006},
}

@online{Molina2020,
      url        =        {https://app.dimensions.ai/details/publication/pub.1125978056},
}

@online{Mehra2020,
      url        =         {https://app.dimensions.ai/details/publication/pub.1127834352},
}

@online{Tang2020,
      url        =         {https://app.dimensions.ai/details/publication/pub.1126667578},
}

@online{Touret2020,
      url        =         {https://app.dimensions.ai/details/publication/pub.1125404383},
}

@online{Intson2020,
      url        =         {https://app.dimensions.ai/details/publication/pub.1127182972},
}

@online{Shamshirian2020,
      url        =         {https://app.dimensions.ai/details/publication/pub.1126839717},
}

@online{Mahevas2020,
     url         =         {https://app.dimensions.ai/details/publication/pub.1126655433},
}

@online{Borba2020,
     url         =         {https://app.dimensions.ai/details/publication/pub.1126626949},
}

@online{Misra2020,
     url         =         {https://app.dimensions.ai/details/publication/pub.1126596624},
}

@online{Ferner2020,
     url         =         {https://app.dimensions.ai/details/publication/pub.1126391895},
}

@online{Meo2020,
     url         =         {https://app.dimensions.ai/details/publication/pub.1127408847},
}

@online{Hu2020,
     url         =         {https://app.dimensions.ai/details/publication/pub.1125821294},
}

@online{Chen2020,
     url         =         {https://app.dimensions.ai/details/publication/pub.1126021329},
}

@online{Gautret2020,
     url         =         {https://app.dimensions.ai/details/publication/pub.1125793694},
}

@online{Gao2020,
     url         =         {https://app.dimensions.ai/details/publication/pub.1124953197},
}

@online{Sun2020,
     url         =         {https://app.dimensions.ai/details/publication/pub.1127161884},
}

@online{Esposito2020,
     url         =         {https://app.dimensions.ai/details/publication/pub.1127181539},
}